@book{Immref1,
	title={Introduction to Robotics},
	author={Doe, John and Doe, Jane},
	volume={1},
	year={2050},
	publisher={RoboCup press},
	address={Trantor}
}



@article{Immarcref1,
	title={A Universal Manipulation System},
	author={Petrovich Sidorov, Ivan},
	journal={The Unique Journal in Advanced Robotics},
	volume={66},
	number={51},
	pages={55-90},
	year={2099},
	publisher={Buy \& Large University Press}
}
@article{Immarcref2,
	title={Worldwide Geo-localization from Outer Space},
	author={Doe, John and Doe, Jane},
	journal={The Unique Journal in Advanced Robotics},
	volume={66},
	number={51},
	pages={55-90},
	year={2099},
	publisher={Buy \& Large University Press}
}